@article{schumacher1995monitoring,
  title={Monitoring vital signs to identify postoperative complications.},
  author={Schumacher, SB},
  journal={Medsurg Nursing: Official Journal of the Academy of Medical-surgical Nurses},
  volume={4},
  number={2},
  pages={142--145},
  year={1995}
}

@article{mithani2018routine,
  title={Is Routine Measurement of Post-operative Hemoglobin and Electrolytes Necessary in Every Patient After Transurethral Resection of the Prostate?},
  author={Mithani, Muhammad Hammad Ali and El Khalid, Salman and Khan, Shariq Anis and Sharif, Imran and Awan, Adnan Siddiq},
  year={2018},
  publisher={Journal of Urological Surgery}
}
